@string{www="World Wide Web"}
@string{AI="Artificial Intelligence"}
@string{IEEECEC="Proceedings of IEEE congress on Evolutionary Computation"}
@string{AJIIPS="Australian Journal of Intelligent Information Processing Systems"}
@string{ICCAJ="International Computer Chess Association Journal"}
@string{IISJ = "IEEE Intelligent Systems Journal"}
@string{ITSMC="IEEE Transactions on Systems, Man and Cybernetics"}
@string{ITNN="IEEE Transactions on Neural Networks"}
@string{NCA="Neural Computing and Applications"}
@string{ML = "Machine Learning"}
@string{SACJ = "South African Computer Journal"}

@inbook{agrawal:fast,
 author = {Rakesh Agrawal and Hiekki Mannila and Ramakrishnan Srikant and Hannu Toivonen and A. Inkeri Verkamo},
 chapter = {Fast discovery of association rules},
 title = {Advances in knowledge discovery and data mining},
 year = {1996},
 isbn = {0-262-56097-6},
 pages = {307-328},
 publisher = {American Association for Artificial Intelligence},
 note* = "NotOnline",
 }


@inbook{allis:which,
	title = "Which games will survive?",
	pages = "155-184",
	crossref = "allis94",
}	

@inbook{allis:survive,
	author = "L. V. Allis and H. J. van den Herik and I. S. Herschberg",
	title = "Which games will survive",
	pages = "232-243",
	crossref = "allis91",
}

	
@article{almuallim:concepts,
    author = "H. Almuallim and T. G. Dietterich",
    title = "Learning Boolean Concepts in the Presence of Many Irrelevant Features",
    journal = "Artificial Intelligence",
    volume = "69",
    number = "1-2",
    pages = "279-305",
    year = "1994",
    url = "citeseer.ist.psu.edu/almuallim94learning.html" ,
    note* = "OnDisk"
}    

@article{anatharaman:singular,
	author = "T. Anatharaman and M. Campbell",
	title = "Singular extensions: adding selectivity to brute force
	searching",
	journal = AI,
	volume = 43,
	year = "1990",
	pages = "99-109",
}

@article{anderson:origens,
	author = "J. R. Anderson",
	year  = "1989",
	title = "A theory of the origins of human knowledge",
	journal = AI, 
	number = "40",
	pages = "313-352"}

@inproceedings{angeline:evolve,
	author = "P. J. Angeline and J. B. Pollack",
	year = "1993",
	title = "Competitive environments evolve better solutions for complex tasks",
	booktitle = "Proceedings of the 5th International Conference on Genetic Algorithms",
	pages = "264-270",
	file = "angeline_1994.pdf",
	note* = "OnDisk, Printed"
}	



@inproceedings{angeline:selection,
		author = "P. Angeline",
		title = "Using selection to improve particle swarm optimisation",
		booktitle = "Proceeding of the International Joint Conference on Neural Networks",
		year = "1999",
		address = "Washington, DC",
		month = "July",
		pages = "84-89",
		note* = "NotOnline",
}		
		
@inbook{axelrod:evolution,
  author         = {R. Axelrod},
  title          = {Genetic Algorithms and Simulated Annealing},
  year           = {1987},
  chapter        = {The Evolution of Strategies in the Iterated Prisoner's Dilemma},
  editor*         = {Lawrence Davis},
  publisher      = {Morgan Kaufman, Los Altos, CA},
  pages          = {32--41},
  note* = "OnDisk"
}

@misc{bache:uci,
author = "K. Bache and M. Lichman",
year = "2013",
title = "{UCI} Machine Learning Repository",
url = "http://archive.ics.uci.edu/ml",
institution = "University of California, Irvine, School of Information and Computer Sciences" 
}

		
@article{baxter:learning,
	author = "J. Baxter and A. Tridgell and L. Weaver",
	title = "Combining {TD}($\lambda$) with game-tree search",
	year = "1998",
	journal = AJIIPS,
	volume = "5",
	number = "1",
	pages = "39-43",
	file = "baxter_1998.pdf",
	note* = "Ondisk",
}

@inbook{baxter:chess,
	author = "J. Baxter and A. Tridgell and L. Weaver",
	chapter = "5, Reinforcement learning and chess",
	crossref = "furnkranz01",
}	

@article{beal:value,
	author = "D.F. Beal and M.C. Smith",
	year = "1997",
	month = "September",
	title = "Learning piece values using temporal difference learning",
	journal = ICCAJ,
	volume = "20",
	number = "3", 
	pages = "147-151",
}

@article{beal:generalised,
	author = "D. Beal",
	title = "A generalised quiescence search algorithm",
	journal = AI ,
	number = "43",
	year = "1990",
	pages = "85-98",
}

@article{berliner:algorithm,
	author = "H.J. Berliner",
	title = "The {B}* search tree algorithm: a best first proof procedure",
	journal = AI,
	volume = "12",
	number = "1",
	year = "1979",
	pages = "23-40"
}

@article{berliner:beats,
	author = "H.J. Berliner",
	title = "Backgammon computer program beats world champion",
	journal = "Artificial Intelligence", 
	volume = "14", 
	number = "2", 
	month = "September",
	year = "1980",
	pages = "205-220", 
	note* = "OnDisk"
}

@inproceedings{berliner:construction,
	author = "H.J. Berliner",
	year = "1979",
	title = "On the construction of evaluation functions for large domains",
	booktitle = "Proceedings of the 6th International Joint Conference on Artificial Intelligence",
	pages = "53 - 55",
	note* = "NotOnline",
}	

@inbook{berliner:knowledge,
	author = "H.J. Berliner",
	year = "1984",
	chapter = "Search vs knowledge: An analysis from the domain of games",
	pages =   "105-117",
	title = "Artificial and Human Intelligence",
	editor = "Elithorn  and Banerji",
	address = "New York",
	publisher = "Elsevier Science Publishers",
	note* = "NotOnline",
}	

@article{berliner:pattern,
	author = "H.J. Berliner and C. Ebeling",
	title = "Pattern knowledge and search: the {SUPREM} architecture",
	journal = AI,
	volume = "38",
	number = "2",
	year = "1989",
	pages = "161-198",
	note* = "OnDisk"
}
		

@article{blair:environment,
    author = "A.D. Blair and J.B. Pollack",
    title = "What Makes a Good Co-Evolutionary Learning Environment?",
    journal = AJIIPS,
    volume = "4",
    pages = "166-175",
    year = "1997",
    url = "citeseer.nj.nec.com/blair97what.html",
  	note* = "[Annotated: function]"
}


@inproceedings{bloedorn:constructive,
	author = "E. Bloedorn and J. Wnek",
	series = "Proceedings of the First International Workshop on Intelligent Adaptive Systems",
	editor = "Ibrahim F. Imam and Janusz Wnek", 
	pages = "38-51",
	address = "Melbourne Beach, Florida",
	year = "1995",
	title = "Constructive Induction-based Learning Agents: An Architecture and Preliminary Experiments",
}
	
@inproceedings{boyan:learning,
    author = "J.A. Boyan and A.W. Moore",
    title = "Generalization in Reinforcement Learning: {S}afely Approximating the Value Function",
    booktitle = "Advances in Neural Information Processing Systems 7",
    publisher = "The MIT Press",
    address = "Cambridge, MA",
    editor = "G. Tesauro and D. S. Touretzky and T. K. Leen",
    pages = "369--376",
    year = "1995",
    url = "citeseer.ist.psu.edu/boyan95generalization.html",
    note* = "OnDisk"
   }

@book{boyan:thesis,
	title = "Learning Evaluation Functions for Global Optimization. Phd Thesis.",
	author = "J.A. Boyan",
	month = "August",
	year = "1998",
	publisher = "School of Computer Science Carnegie Mellon University",
	address = "Pittsburgh", 
	file = "boyan_1998.pdf",
	note* = "OnDisk",
}	

@book{boyan:masters-thesis,
	title = "Modular Neural Networks for Learning Context-dependent Game Strategies",
	author = "J.A. Boyan",
	month = "August",
	year = "1992",
	publisher = "University of Cambridge",
	address = "Cambridge", 
	file = "boyan_1992.pdf",
	note* = "OnDisk",
}	

@inbook{bratko:learning,
	chapter = "18. Machine Learning",
	crossref = "bratko90",
	pages = "459-499",
}

@book{breiman:regression,
	author = "L. Breiman and J.H. Friedman and R.A. Olshen and C.J Stone",
	year = "1984",
	title = "Classification and regression trees",
	publisher = "Wadsworth International Group",
	address = "Belmont, CA",
	note* = "NotOnline - look at \cite{statsoft:textbook}",
}

@article{buro:feature,
	author = "M. Buro",
	title = "From simple features to sophisticated evaluation functions",
	booktitle = "First International Conference on Computers and Games (CGÒ¹8)", 
	series = "Lecture note*s in Computer Science",
	publisher = "Springer-Verlag",
	address = "New York",
	volume="1558",
	year = "1998",
	file = "buro\_1998.pdf",
	note* = "OnDisk, Printed",
}	

@article{buro:machine,
	author = "M. Buro",
	title = "How machines have learnt to play {O}thello",
	journal = IISJ,
	year = "1999",
	month = "November/December",
	pages = "12-14",
	file = "hirch{\_}1999.pdf",
}	

@techreport{buro:mpc,
	author = "M. Buro",
	title = "Experiments with {M}ulti-{P}rob{C}ut and a New High-Quality
	Evaluation Function for {O}thello",
	publisher = "NEC Research Institute",
	number = "96",
	year = "1997",
	type = "Workshop on Game-Tree Search",
}	

@article{buro:opening,
	author = "M. Buro", 
	title = "Toward Opening Book Learning", 
	journal = ICCAJ, 
	volume = "22", 
	number = "2", 
	year = "1999", 
	pages = "98-102",
}

@article{buro:learning,
	author = "M. Buro",
	title = "Logistello - A Strong Learning {O}thello Program",
	year = "1997",
}	

@article{buro:statistical,
    author = "M. Buro",
    title = "Statistical Feature Combination for the Evaluation of Game Positions",
    journal = "Journal of Artificial Intelligence Research",
    volume = "3",
    pages = "373-382",
    year = "1995",
    url = "citeseer.nj.nec.com/buro95statistical.html",
    file = "buro_1995.pdf",
    note* = "[Annotated: function]  OnDisk, Printed"
}

@inbook{buro:strong,
	author = "M. Buro", 
	chapter = "The Evolution of Strong Othello Programs", 
	title = "Entertainment Computing - Technology and Applications", 
	editor = "R. Nakatsu and J. Hoshino",
	publisher =  "Kluwer 2003", 
	pages = "81-88",
	note* = "OnDisk",
}


@inproceedings{callan:induction,
	author   = "J.P. Callan and P.E. Utgoff",
	title    = "Constructive Induction on Domain Information",
	pages    = "614-622",
	crossref = "aaai91",
}

@inproceedings{callan:induction2,
	author =  "J. P. Callan and P.E. Utgoff",
	year =  "1991",
	title = "Constructive induction on domain information",
	series = "Proceedings of the Ninth National Conference on Artificial Intelligence",
	pages = "614 - 619",
	address =  "Anaheim, CA",
	publisher = "MIT Press",
	note* = "OnDIsk",
}
	
@misc{cazenave:fuzzy,
  author = "T. Cazenave",
  title = "Self Fuzzy Learning",
  url = "citeseer.nj.nec.com/110053.html",
  file = "cazenave{\_}0000.pdf"
}

@inproceedings{cestnik:probabilties,
	author = "B. Cestnik",
	title = "Estimating probabilities: a crucial task in Machine Learning", 
	crossref = "ecao90",
	note* = "NotSearched"
}

@inproceedings{cestnik:pruning,
	author = "B Cestnik and I. Bratko",
	title = "On estimating probability in decision tree pruning",
	crossref = "ewsl91",
}	

@inproceedings{chapman:learning,
	author = "D. Chapman and L.P. Kaelbling",
	year = "1991",
	title = "Input generalization in delayed reinforcement learning: An algorithm and performance comparison",
	series = "Proceedings of the Twelfth International Joint Conference on Artificial Intelligence",
	pages = "726-731",
	address = "Sidney, Australia",
	publisher = "Morgan Kaufmann",
	note* = "NotOnline",
}	

@article{chellapilla:checkers,
	author = "K. Chellapilla and D. Fogel",
	year = "2000",
	title = "Evolving Neural Networks to play Checkers without relying on 	expert knolwedge",
	file = "chillapilla{\_}2000.pdf",
}

@inproceedings{chellapilla:defeats,
	author = "K. Chellapilla and D. Fogel",
	year = "2000",
	title = "Anaconda defeats {H}oyle 6-0: A case study competing an evolved checkers program against commercially available software",
	series = IEEECEC,
	month = "July",
	address = "La Jolla Marriot Hotel, La Jolla, California, USA",
	pages = "857-867"
}

@article{chellapilla:without,
	author = "K. Chellapilla and D. Fogel",
	year = "1999",
	title = "Evolving Neural Networks to play Checkers without expert knowledge",
	journal= ITNN,
	volume ="10",
	number = "6",
	pages = "1382-1891"		
}


@inbook{christensen:static,
	chapter = "Learning static evaluation functions by linear regression",
	year = "1986",
	author = "J. Christensen",
	editor = "T.M Mitchell and J.G. Carbonell and R.S. Michalski",
	title = "Machine Learning: A guide to current research",
	address = "Boston",
	publisher = "Kluwer Academic",
	note* = "NotOnline - on ACM",
	acmurl = "http://portal.acm.org/citation.cfm?id=22252.26212&coll=portal&dl=ACM&CFID=24674443&CFTOKEN=60512520"
}

@article{clarke:cn2,
	author = "P. Clarke and T. Niblett",
	year = "1989",
	title = "The CN2 induction algorithm", 
	journal = "Machine Learning",
	volume = "3",
	pages = "261-284",
}

@inbook{clearwater:cooperative,
  author = "S. Clearwater and B. Huberman and T. Hogg",
  chapter = "Cooperative problem solving",
  crossref = "clearwater92",
  pages = "33-70",
  note* = "OnDisk",
 }

@article{clerc:swarm,
	title = "The particle swarm - explosion, stability, and convergence in a multidimensional complex space",
	author = "M. Clerc and J. Kennedy",
	journal = "IEEE Transactions on Evolutionary Computation",
	volume = "6",
	issue = "1",
	month = "February",
	pages = "58-60",
	year = "2002",
	note* = "OnDisk",
}	

@article{culberson:pattern,
	author = "J.C. Culberson and J. Schaeffer",
	title = "Pattern Databases",
	journal =  "Computational Intelligence",
	volume = "14",
	number = "4",
	year = "1998",
	pages = "318-334",
}

@inproceedings{dejong:concept,
	author = "K.A. De Jong and W.M. Spears D.F. Gordon",
	year = "1991",
	title = "Using genetic algorithms for concept learning",
	series = "Proceedings of International Joint Conference on Artificial	Intelligence",	
	pages = "651-656",
	publisher = "IEEE Press",
}	
	
@inproceedings{dejong:program,
	author = "K.A. De Jong",
	year = "1987",
	title = "On using genetic algorithms to search program spaces",
	series = "Genetic algorithms and their applications. Proceedings of the second international conference on Genetic
	Algorithms",
}	
	

@inbook{dietterich:learning,
	author = "T.G. Dietterich",
	year = "2003",
	title = "Nature Encyclopedia of Cognitive Science",
	chapter = "Machine Learning",
	publisher = "Macmillan",
	file = "dietterich{\_}2003",
	note* = "OnDisk, Printed"
}

@inproceedings{davis:evolve,
  author = "J.E. Davis and G. Kendall",
  title = "An Investigation, using Co-Evolution, to Evolve an {A}wari Player",
  url = "citeseer.nj.nec.com/545983.html",
  year = "2002",
  pages = "1408-1413",
  series = "Proceedings of the 2002 Congress on Evolutionary Computation",
}


@book{davis91,
	editor = "L. Davis",
	year = "1991",
	title = "Handbook of Genetic Algorithms",
	publisher = "Van Nostrand Reinold",
	address = "New York",
}

@inproceedings{dejong:concept,
	author = "K.A. De Jong and W.M. Spears D.F. Gordon",
	year = "1991",
	title = "Using genetic algorithms for concept learning",
	series = "Proceedings of International Joint Conference on Artificial	Intelligence",	
	pages = "651-656",
	publisher = "IEEE Press",
}	

@article{dietterich:structural,
	author = "T. Dietterich and R. Michalski",
	year =  "1981",
	title = "Inductive Learning of Structural Descriptions: Evaluation Criteria and Comparative Review of Selected Methods",
	journal = "Artificial Intelligence",
	volume = "16",
	pages = "257-294",
	note* = "OnDisk",
}	

@inbook{dietterich:examples,
	author = "Dietterich, T. G. and Michalski R.S.",
	chapter = "A Comparative Review of Selected Methods for Learning from Examples", title = "Machine Learning: An Artificial Intelligence Approach",
	editor = " R.S. Michalski, Carbonell, J. and T.M. Mitchell",
	pages = " 41-81",
	publisher = "TIOGA Publishing Co.",
	address = "Palo Alto",
	year = "1983",
	note* = "OnDisk"
}	

@ARTICLE{diez:minimax, 
author={DiÌez, S.G. and Laforge, J. and Saerens, M.}, 
journal={Cybernetics, IEEE Transactions on}, 
title={Rminimax: An Optimally Randomized MINIMAX Algorithm}, 
year={2013}, 
month={Feb}, 
volume={43}, 
number={1}, 
pages={385-393}, 
doi={10.1109/TSMCB.2012.2207951}, 
ISSN={2168-2267},
file*={diez-minimax-2013}
}


@article{donskoy:grace,
	author = "M. Donskoy and J. Schaeffer",
	title = "Perspectives on falling from Grace",
	year = "1989",
	journal = ICCAJ,
	volume = "12",
	number = "3",
	pages =  "155-163",	
	note* = "[Incorporated: functions]"
}	

@article{dubois:possibility,
	author = "Didier Dubois and Henri Prade",
	year = "2001",
	title = "Fuzzy set and possibility theory-based methods in artificial intelligence", 
	journal = AI,
	volume = "148",
	pages = "1-9",
	note* = "[Annotated: fuzzysets]"
}

@article{dubois:three,
	author = "Didier Dubois and Henri Prade",
	year = "1997",
	title = "The three semantics of fuzzy sets", 
	journal = "Fuzzy Sets and Systems",
	volume = "90",
	pages = "141-150",
}

@book{duda:scene,
	author = "R.O Duda and P.E Hart",
	year = "1973",
	title = "Pattern classification and scene analysis",
	address = "New York",
	publisher = "Wiley \& Sons",
	note* = "NotOnline",
}

@article{duminy:linear,
	title = "Title: Composing linear evaluation functions from observable features",
	author = "W.H. Duminy and A.P. Engebrecht",
	journal = "South African Computer Journal",
	number = "35", 
	month = "December",
	year = "2005",
	pages = "48-58"}

@inproceedings{eberhart:comparison,
	author = "R.C. Eberhart and Y.H. Shi",
	title = "Comparison between genetic algorithms and particle swarm
optimization",
	crossref = "cep98",
}	

@inbook{engelbrecht:blocks,
	author = "A.P. Engelbrecht and L. Schoeman and S.E. Rouwhorst",
	title = "Genetic Programming for rule discovery",
	chapter = "IX: A building block approach to genetic programming for rule
	discovery",
	pages = "175-189",
	publisher = "Idea Book Publishing",
	year = "2001",
	file = "engelbrecht{_}2001.pdf",
}

@inbook{engelbrecht:coevolution,
	author = "Engelbrecht, A.P",
	title = "Computational Intelligence: An introduction",
	chapter = "15: Coevolution",
	pages = "177-181",
	publisher = "Wiley",
	year = "2002",
}

@book{engelbrecht:topics,
	author = "A.P. Engelbrecht",
	title = "Computational Intelligence
	Research Group: Research Topics for
	{P}h{D}, {MS}c and {H}ons-{BS}c, 2004",
	year = "2003",
	}

@article{epstein:knowledge,
	author =  "S.L. Epstein",
	year = "1992",
	title = "Prior knowledge strengthens learning to control search in weak theory domains",
	journal = "International Journal of Intelligent Systems",
	volume = "7", 
	pages = "547-586",
	file = "eptein_1992.pdf",
	note* = "OnDisk",
}

@inproceedings{epstein:learning,
	author = "S. Epstein",
	title = "Learning expertise from the opposition: the role of a trainer in a competitive environment",
	booktitle = "Proceedings of AI",
	year = "1992",
	pages = "236-243",
}
		
@article{epstein:ideal,
	author = "S. L. Epstein.", 
	year =  "1994",
	title =  "Toward an ideal trainer",
	journal = "Machine Learning",
	number = "15", 
	pages = "251-277",
	note* = "OnDisk",
}	

@inbook{epstein:expertly,
	author = "Susan L. Epstein",
	year =  "2001",
	editor = "J. F{"u}rnkranz and M. Kubat",
	title = "Machines that Learn to Play Games",
	chapter = "8, Learning to play expertly: A tutorial on hoyle",
	pages = "153-178",
	publisher = "Huntington, NY: Nova Science Publishers",
	note* = "NotOnline",
}	

@inproceedings{esposito:pruning,
	author = "F. Esposito and D. Malerba and D. Semeraro",
	title = "Decision tree pruning as a search in the state space",
	crossref = "ecml93",
}
	
 @inproceedings{fawcett:systems,
 author = "T. E. Fawcett and P. E. Utgoff",
 title = "Automatic feature generation for problem solving systems",
 year = "1992",
urlfull = "http://www.ncstrl.org:8900/ncstrl/servlet/search?formname=detail\&id=oai%3Ancstrlh%3Aumass\_cs%3Ancstrl.umassa\_cs%2F%2FUM-CS-1992-009",
 series = "Proceedings of the 9th International Conference on Machine Learning",
 publisher = "Morgan Kaufmann",
 pages = "144 - 153",
 editor = "D. Sleeman and P. Edwards",
 note* = "NotOnline,CheckUrl"
 }
 
 @book{fawcett:thesis,
	title = "Feature Discovery for Problem Solving Systems",
	author = "Tom E. Fawcett",
	publisher = "Department of Computer Science. University of Massachusetts",
	address = "Amherst, Massachusetts",
	month = "May",
	year = "1993",
	file = "fawcett_1993.pdf",
	note* = "OnDisk, Printed, Annotated",
}

@article{fayyad:mining,
	author = "Usama Fayyad and Gregory Piatetsky-Shapiro and Padhraic Smyth",
	title = "From data mining to knowledge discovery in databases",
	journal = "AI Magazine",
	volume = "17",
	number = "3",
	pages = "37-54",
	year = "1996",
	note* = "OnDisk",
}	

@book{ferrer:board,
	title = "Using Genetic Programming to Evolve Board Evaluation Functions.  Masters Thesis",
	publisher = "Faculty of theSchool of Engineering and Applied Science University of Virginia",
	author = "Gabriel J. Ferrer",
	month = "August",
	year = "1996",
	file = "ferrer_1996.pdf",
	note* = "OnDisk",
}
 
@book{filipic:ec,
	author = "B. Filipic",
	title = "Evolutionary Computation at	Department of Intelligent Systems,{J}ozef {S}tefan {I}nstitute",
	publisher = www,
	address =	"http://isd.ijs.si/filipic/ec",
}
@inproceedings{fisher:empirical,
	author = "Fisher, D. H. and McKusick, K.B. ",
	year  = "1989",
	title = "An empirical comparison of ID3 and back-propagation",
	series = "Proceedings of the Eleventh International Joint Conference on Artificial Intelligence",
	pages = "788 -793",
	address = "Detroit, Michigan",
	publisher = " Morgan Kaufmann",
	note* = "NotOnline, see also \cite{quinlan:comparing} ",
}
	
@inproceedings{flann:example,
	author = "N.S. Flann and T.G. Dietterich",
	year = "1986",
	title = "Selecting appropriate representations for learning from examples",
	series = "Proceedings of the National Conference on Artificial Intelligence",
	address = "Philadelphia",
	pages = "460-466",
	file = "flann_1986.pdf",
	note* = "OnDisk",
}

@inbook{flann:vocab,
	author = "N.S. Flann and T.G. Dietterich",
	title = "Machine Learning. A Guide to Current Research",
	chapter = "Exploring functional vocabularies to learn structural
	descriptions",
	pages = "71-74",
	publisher = "Kluwer Academic Publishers",
	year = "1987",
}

@inproceedings{fogel:chess,
	title = "A Self-Learning Evolutionary {C}hess Program",
	author = "D. B. Fogel and Timothy J. Hays and Sarah L. Hahn and James Quon",
	volume = "92",
	number = "12",
	pages = "1947-1954",
	note*s = "OnDisk",
	crossref = "ieee04"
}	

@article{fogel:edge,
	author = "D. B. Fogel",
	year = "2001",
	title = "Blondie24: Playing at the edge of {AI}",
	publisher = "Morgan Kaufmann",
}	


@inproceedings{fogel:networks,
	author = "D. B. Fogel",
	title = "Using evolutionary programming to construct neural networks that are capable of playing {T}ic-tac-toe",
	crossref = "iicnn93",
	 pages = "875-879",
	 note* = "OnDisk,Printed",
}
	 
@inproceedings{folino:simulated,
	author = "G. Folino and C. Pizzyti and G. Spezzano",
	year = "2000",
	title = "Genetic Programming and simulated annealing: A hybrid method to
	evolve decision trees",
	series = "Proceeding of the European Conference on Genetic Programming",
}

@inproceedings{franken:checkers,
	author = "N. Franken and A.P. Engelbrecht",
	title = "Comparing {PSO} structures to learn the game of checkers from
	zero knowledge",
	crossref = "icec03",
	note* = "[Annotated: functions]"
}	

@inproceedings{franken:evolving,
	author = "N. Franken and A.P. Engelbrecht",
	year = "2003",
	title = "Evolving intelligent game-playing agents",
	series = "Proceedings of SAICSIT",
	pages = "111-113",
	file = "franken_2003.pdf",
}

@book{franken:thesis,
	author = "N. Franken",
	year = "2004",
	title = "PSO-Based Coevolutionary Game Learning (M.Sc. dissertation)",
}	
	

@article{frey:performance,
	author = "Frey, P. W.",
	year =  "1986",
	chapter = "Algorithmic strategies for improving the performance of game playing programs",
	journal = "Physica",
	volume = "D 22", 
	pages = "355-365",
	note* = "NotOnline - see ACM",
}

@techreport{furnkranz:survey,
	author = "J. F{\"u}rnkranz",
	title = "Machine Learning in games: A Survey",
	year = "2000",
	number = "OEFAI-TR-2000-31",
	pages = "8-24",
	note* = "Ondisk, Printed, Annotated, Assimilated",
	institution = "Austrian Research Institute for Artificial Intelligence",
}	

@inproceedings{furnkranz:advice,
	author = "J. F{\"u}rnkranz, B. Pfahringer, H. Kaindl and S. Kramer",
	year = "2000",
	title = "Learning to use operational advice",
	series = "Proceedings of the 14th European Conference on Artificial Intelligence",
	editor = "W. Horn",
	address = "Berlin",
	file = "furnkarnz_2000.pdf",
	note* = "Ondisk"
}	
	
@misc{furnkranz:knowledge,
  author = "Johannes F{\"u}rnkranz",
  title = "Knowledge Discovery in Chess Databases: A Research Proposal",
  address = "citeseer.ist.psu.edu/128372.html",
  file = "furnkranz_1996+.pdf",
  journal = www,
  note* = "OnDisk, Annotated" 
  }

  
@article{griffith:training,
	title = "NeuroDraughts: the role of representation, search, training regime and architecture in a TD draughts player",
	author = "N.J.L. Griffith and M. Lynch",
	year = "1997",
	journal = "UNPUBLISHED",
	url = "http://mark.lynch.tripod.com/nd.html",
	file = "griffith_1997.pdf",
	note* = "OnDisk",
}
  
@inbook{goldberg:classifier,
	author = "D.E. Goldberg",
	title = "Genetic Algorithms in Search, Optimization Machine Learning",
	chapter = "6 Introduction to Genetics-Based Machine Learning",
	pages = "221-230",
	publisher = "Addison-Wesley",
	year = "1989",
}

@TechReport{hart:alpha,
  author =       "T. P. Hart and D. J. Edwards",
  title =        "The Alpha-Beta Heuristic",
  institution =  "Massachusetts Institute of Technology",
  year =         "1963",
  number =       "30",
  month =        "October",
  note* = ondisk,
}


@book{heitkotter_beasly:guide,
	author = "J Heitk{\"o}tter and D
	Beasly",
	title = "{H}itch {H}ikers Guide to
	Evolutionary Computation",
	year = "2001",
	publisher = www,
	address =
	"http://surf.de.uu.net/encore/www/top.htm",
	}

@inproceedings{hillis:parasites,
	author = "W. D. Hillis",
	year = "1992",
	title = "Co-evolving parasites improves simulated evolution as an optimization procedure",
	booktitle = "Proceedings of the Workshop on Artificial Life (Artificial Life II)",
	month = "February", 
	year = "1990",
	address = "Santa Fe, New Mexico", 
	note* = "not online"
}	

@article{hirch:playing,
	author = "H Hirch",
	title = "Playing with AI",
	journal = IISJ,
	year = "1999",
	month = "November/December",
	pages = "8-18",
	file = "[hirch{\_}1999.pdf]",
}	

@inproceedings{holland:class,
	author = "J.H. Holland",
	year = "1987",
	title = "Genetic algorithms and classifier systems.  Foundations and
	future directions",
	series = "Genetic algorithms and their applications. Proceedings of the second international conference on Genetic
n	Algorithms",
}	

@article{hsu:grandmaster,
	author = "F. Hsu and  T.S. Anantharaman and M.S. Campbel and A. Nowatzyk",
	year = "1990",
	month = "October",
	title = "A grandmaster chess machine",
	journal = "Scientific American",
	volume =  "263",
	number = "4",
	pages = "44-50",
	file = "hsu_1990.mht",
	note* = "Ondisk",
}

@article{inuzuka:pruning,
	author = "N. Inuzuka and H. Fujumoto and T. Nakano and H. Itoh",
	year = "1999",
	title = "Pruning nodes in the alpha-beta method using inductive logic
	programming",
}	

@inbook{jackson:learning,
	chapter = "20. Machine Learning",
	crossref = "jackson99",
	pages = "380-401",
}

@book{jansen:knowledge,
	author = "P. Jansen",
	title = "Using Knowledge about the Opponent in Game Tree Search",
	publisher = "Ph.D. thesis",
	address = "Department of Computer Science, Carnegie-Mellon University",
	year = "1992",
}

@article{jehiel_samet:learning,
	author = "P. Jehiel and D. Samet",
	title = "Learning to play games in extensive form by valuation",
	journal = "arXiv",
	year = "2000",
	file = "jehiel_2000.pdf",
}

  
@inproceedings{kendall:tuning,
	author = "G. Kendall and G. Whitwell",
	title = "An evolutionary approach for the tuning of a Chess evaluation function using population dynamics",
	series = "Proceedings of the Congress on Evolutionary Computation",
	address = "COEX Center, Seoul, Korea",
	month = "27-29 May",
	year = "2001",
	pages = "995-1002"}

@inproceedings{kennedy:swarm,
	author = "J. Kennedy and R. Eberhart",
	title = "Particle Swarm Optimization",
	pages = "1942-1948",
	crossref = "iicnn95",
	note* = "OnDisk,Printed",
}	

@inproceedings{kennedy:population,
	author = "J. Kennedy and R. Mendes",
	title = "Population structure and particle swarm performance",
	crossref = "icec02",
	volume = "2",
	pages = "1671-1676",
	note* = "OnDisk"
}	

@inproceedings{kennedy:small,
	author = "J. Kennedy",
	title = "Small worlds and mega-minds: Effects of neighborhood topology on particle swarm performance",
	booktitle = "Proceedings of the Congress on Evolutionary Computation",   
	pages = "1931-1938",
	year = "1999",
}

@book{king:game_theory,
	author = "W. King",
	title = "Game Theory",
	publisher = www,
	address =
	"http://william-king.www.drexel.edu/top/eco/game/game.html",
}

@article{korf:rubik,
	author = "R.E. Korf",
	title = "Sliding-tile puzzles and {R}ubik{'}s {C}ube in {AI} research",
	journal =IISJ,
	year = "1999",
	month = "November/December",
	pages = "12-14",
	file = "hirch{\_}1999.pdf",
}	

@article{korf:macro,
	author = "R.E. Korf",
	title = "Macro-Operators: A Weak Method for Learning",
	journal = AI,
	volume = "26",
	number = "1",
	year = "1985",
	pages = "35-77",
}

@inbook{korf:invariant,
	author = "R.E. Korf",
	title = "Machine Learning. A Guide to Current Research",
	chapter = "Heuristics as invariants and its application to learning",
	pages = "161-165",
	publisher = "Kluwer Academic Publishers",
	year = "1987",
}

@inproceedings{konen:games,
 author = {Konen, Wolfgang and Bartz-Beielstein, Thomas},
 title = {Reinforcement Learning for Games: Failures and Successes},
 booktitle = {Proceedings of the 11th Annual Conference Companion on Genetic and Evolutionary Computation Conference: Late Breaking Papers},
 series = {GECCO '09},
 year = {2009},
 isbn = {978-1-60558-505-5},
 location = {Montreal, Qu\&\#233;bec, Canada},
 pages = {2641--2648},
 numpages = {8},
 url = {http://doi.acm.org/10.1145/1570256.1570375},
 doi = {10.1145/1570256.1570375},
 acmid = {1570375},
 publisher = {ACM},
 address = {New York, NY, USA},
 keywords = {evolution strategies, failures, games, learning},
 file* = "konen_games_2009.pdf"
} 

@incollection{konen:failures,
  title={Reinforcement learning: Insights from interesting failures in parameter selection},
  author={Konen, Wolfgang and Bartz--Beielstein, Thomas},
  booktitle={Parallel Problem Solving from Nature--PPSN X},
  pages={478--487},
  year={2008},
  publisher={Springer},
	file*={konen-failures-2008.pdf}
}

@article{korf:best,
	author = "Richard E. Korf and David W. Chickering",
	title = "Best-first minimax search",
	journal = AI,
	volume = "84",
	year = "1996",
	pages = "299-337",
	note* = "[Annotated: functions]"
}	

@inproceedings{kotnik:significance,
	author = "Clifford Kotnik and Jugal Kalita",
	title = "The Significance of Temporal-Difference Learning in Self-Play Training {TD}-rummy versus {EVO}-rummy",
	booktitle = "Proceedings of the Twentieth International Conference on Machine Learning",
	address = "Washington DC",
	year = "2003",
	file = "kotnik_2003",
	note* = "Ondisk,Printed,Annotated,Assimilated",
}	



@inbook{kubat:review,
	author* = "M. Kubat and I. Bratko and R. Michalski",
	chapter = "1. A review of Machine Learning Methods",
	pages = "1-72",
	crossref = "michalski96",
	note* = "OnDisk, Printed",
}	

@book {michalski96,
	title = "Machine Learning and Data Mining: Methods and Applications",
	editor = "R.S. Michalski,  I. Bratko and M. Kubat",
	year = "1996",
	publisher = "John Wiley \& Sons Ltd",
}

% Elena laskari
@inproceedings{laskari:minimax,
	author = "Laskari, E.C. and Parsopoulos, K.E. and Vrahatis, M.N.",
	title = "Particle Swarm Optimization for Minimax Problems", 
	crossref = "icec02",
	pages = "1576-1581",
	note* = "OnDisk"
}	

@article{lee:pattern,
	author = "K. Lee and S. Mahajan",
	year = "1988",
	month = "August",
	title = "A pattern classification approach to evaluation function learning",
	journal = "Artificial Intelligence",
	volume = "36",
	pages = "1 - 25",
	note* = "OnDisk",
}	

@book{leouski:position,
	title = "Learning of Position Evaluation in the Game of Othello.  Masters Project Report",
	author = "Anton Leouski",
	publisher = "Department of Computer Science. University of Massachusetts",
	address = "Amherst, Massachusetts",
	month = "January",
	year = "1995",
	file = "leouski_1995.pdf",
	note* = "OnDisk",
}

@techreport{leouski:network,
	author = "A. Leouski and  P. E. Utgoff",
	year =  "1996",
	month = " March",
	title =  "What a neural network can learn about Othello. Technical Report UM-CS-1996-010",
	publisher = "Computer Science Department, Lederle Graduate Research Center. University of Massachusetts",
	address = "Amherst, MA",
	file = "leouski_1996.pdf",
	note* = "OnDisk",
}	

@misc{levinson:chess,
  author = "Robert Levinson and et al.",
  title = "The Current and Future Role of Chess in Artificial Intelligence an Machine
    Learning",
  url = "citeseer.nj.nec.com/520094.html" ,
  file = "levinson{_}1991.pdf",
  year = "1991"
}

@inproceedings{levinson:pattern,
	author = "R. Levinson and  R. Snyder",
	year = "1991",
	title = "Adaptive pattern-oriented chess",
	booktitle = "Proceedings of the Ninth National Conference on Artificial Intelligence",
	pages = "601-606",
	address = "Anaheim, CA",
	publisher = "MIT Press",
	note* = "NotOnline",
}	

@techreport{levinson:playing,
    author = "Robert Levinson",
    title = "General Game-Playing And Reinforcement Learning",
    number = "UCSC-CRL-95-06",
    year = "1995",
    url = "citeseer.nj.nec.com/49160.html" ,
    file = "levinson{_}1995.pdf",
    }


@inproceedings{lin:robots,
	author =  "Long-Ji Lin",
	year = "1991",
	title = "Programming robots using reinforcement learning and teaching",
	series = "Proceedings of the Ninth National Conference on Articial Intelligence",
	pages = "781-786",
	address = "Anaheim, CA",
	publisher = "MIT Press",
	note* = "NotOnline",
}	
	
@article{littman:games,
	author = "M.L. Littman",
	title = "Computers and language games",
	journal = IISJ,
	year = "1999",
	month = "November December",
	pages = "16-18",
	file = "hirch{\_}1999.pdf",
}	


@inproceedings{llora:evolution,
  author = "Xavier Llora and Josep M. Garrell",
  title = "Evolution of Decision Trees",
  series = "Proceedings of the 4th Catalan Conference on Artificial Inteligence",  
  publisher = "ACIA Press",
  year =  "2001"
 }

@book{loy:standard,
  author = "Jim Loy",
  title = "The standard laws of {C}heckers",
  journal = www,
  address = "www.jimloy.com/checkers/rules.htm",
  note* = "[Accessed 3 Feb 2004]"
}

@book{lynch:draughts,
	author = "M. Lynch",
	year = "1997",
	month = "June",
	title = "{N}eurodraughts: An application of temporal difference learning to {D}raughts. Final Year Project Report",
	publisher = "Department of Computer Science and Information Systems, University of Limerick",
	address = "Ireland",
	file = "lynch_1997.pdf",
	note* = "OnDisk",
}

@article{marsland:factor,
	author = "T.A. Marsland",
	year = "1985",
	title = "Evaluation-function factors",
	journal = ICCAJ,
	volume = "8",
	number = "2", 
	pages = "47-57",
}	


@inproceedings{matheus:framework,
	author = "Christopher J. Matheus",
	title = "A constructive induction framework",
	series = "Proceedings of the 6th International Workshop on Machine Learning",
	pages = "474-475", 
	year = "1989",
	note* = "NotOnline - see \cite{matheus:trees}",
}	

@inproceedings{matheus:trees,
	author = "Matheus, C. J. and Rendell, L. A",
	year = "1989",
	title = "Constructive induction on decision trees",
	series = "Proceedings of the Eleventh International Joint Conference on Artificial Intelligence",
	pages = "645-650",
	address = "Detroit, Michigan",
	publisher = "Morgan Kaufmann",
    note* = "OnDisk, Printed" 
}	

@inproceedings{messerschmidt:learning,
	author = "Messerschmidt, L and Engelbrecht, A.P",
	title = "Learning to play games using a {PSO}-based competitive learning approach",
	crossref = "acsel02",
	note* = "OnDisk,Printed,Annotated",
}	
	
@article{mcallester:conspiracy,
	author = "D. MacAllester",
	year = "1988",
	title = "Conspiracy numbers for min-max search",
	journal = AI,
	number = "35",
	pages = "287-310",
}


@inbook{michalski:chess,
	author = "Michalski, R.S. and Negri, P. ",
	chapter = "An Experiment on Inductive Learning in Chess End Games",
	 title = "Machine Representation of Knowledge, MACHINE INTELLIGENCE 8",
	 pages =  "175-192", 
	 publisher = "Ellis Horwood", 
	 year = "1977",
	 note* = "OnDisk",
}
	 
@inbook{michalski:inductive,
	author = "Michalski, R. S.",
	year = "1983",
	chapter = "A theory and methodology of inductive learning",
	editor = "Michalski and Carbonell and Mitchell",
	title = "Machine learning: An artificial intelligence approach",
	address = "San Mateo, CA",
	publisher = "Morgan Kaufmann",
	note* = "OnDIsk",
}	

@article{michie:game,
	author = "Michie, D.",
	year = "1963",
	title = {Experiments on the mechanization of game-learning - Part I. Characterization of the model and its parameters},
	journal = "The Computer Journal",
	number =  "6",
	pages = "232-236",
	note* = "OnDisk",
}	

@inproceedings{michie:next,
	author = "Michie, D.",
	year = "1988",
	title = "Machine learning in the next five years",
	series = "Proceedings of the third European Working Session on Learning",
	address = "Glasgow",
	publisher = "London: Pitman",
	note* = "NotSearched",
}	
	
@inbook{minsky:steps,
	author = "M. Minsky",
	year = "1963",
	booktitle = "Computers and Thought",
	chapter = "Steps toward artificial intelligence", 
	editors = "E. A. Feigenbaum and J. Feldman",
	publisher = "McGraw-Hill",
	address = "New York",
	file = "minsky_1962.mht",
	note* = "OnDisk, Printed, Annotated, Assimilated",
}	

@article{mingers:comparison,
	author = "J. Mingers",
	title = "An empirical comparison of pruning methods for decision tree induction",
	journal = "Machine Learning",
	volume = "4",
	number = "2",
	year = "1989",
}
	
@inproceedings{mitchell:goal,
	author = "T.M. Mitchell and R.M. Keller",
	title = "Goal Directed Learning",
	booktitle = "First International Conference on Computers and Games (CGÒ¹8)", 
	series = "Proceedings of Second International Machine Learning Workshop",
	address = "Urbana, Illinois",
	year = "1983",
}	

@article{mitchell:edge,
	author = "Mitchell, M. and Hraber, P. T. and Crutchfield, J. P.",
	year = "1993",
	title = "Revisiting the edge of chaos: Evolving cellular automata to perform  computations.",
	journal = "Complex Systems",
	number = "7",
	note* = "NotSearched",
}
	
@book{mitchell:masters,
	author = "D.H. Mitchell",
	year = "1994",
	title = "Using features to evaluate positions in expertsÒ and novicesÒ Othello games. MasterÓ³ thesis",
	publisher = "Northwestern University",
	address = "Evanston, IL",
	note* = "NotOnline",
}	

@inproceedings{moony:experimental,
	author = "Mooney, R. and Shavlik, J. and Towell, G. and Gove, A. ",
	year = "1989",
	title = "An experimental comparison of symbolic and connectionist learning algorithms",
	series = "Proceedings of the Eleventh International Joint Conference on Artificial Intelligence",
	pages = "775-780",
	address = "Detroit, Michigan",
	publisher = "Morgan Kaufmann",
	note* = "NotOnline - see \cite{shavlik:comparision}",
}	

@incollection{morales:learning,
    author = "Eduardo Morales",
    title = "On Learning How to Play",
    booktitle = "Advances in Computer Chess 8",
    publisher = "Universiteit Maastricht",
    editor = "H. J. van den Herik and J. W. H. M. Uiterwijk",
    pages = "235--250",
    year = "1997",
    url = "citeseer.nj.nec.com/202078.html", 
    file = "morales{_}1997"}

@techreport{moriarty:evolving,
    author = "David Moriarty and Risto Miikkulainen",
    title = "Evolving Complex Othello Strategies Using Marker-Based Genetic Encoding of Neural  Networks",
    number = "AI93-206",
    month = "1,",
    year = "1993",
    url = "citeseer.nj.nec.com/moriarty93evolving.html" }

@book{muggleton:expert,
	author = "Stephen Muggleton",
	title = "Inductive Acquisition of Expert Knowledge",
	publisher = "Turing Institute Press. Addison-Wesley",
	year = "1990",
	note* = "NotOnline",
}
@inproceedings{niblett:trees,
	author = "T. Niblett and I. Bratko",
	title = "Constructing decision trees in noisy domains",
	crossref = "esc86",
}

@inproceedings{nikolaev:polynomials,
	author = "N. Nikolaev and H. Iba",
	year = "2001",
	title = "Genetic Programming using {C}hebishev polynomials",
	booktitle = "Proceedings of the Genetic and Evolutionary Computation Conference",
	pages = "89-96",
	publisher = "Morgan Kaufmann", 
}	

@book{nilsson:machines,
	author = "Nilsson, N. J.",
	year = "1965",
	title = "Learning machines",
	publisher = " McGraw-Hill",
	address = "New York",
}	

@book{nilsson:principles,
	author = "Nilsson, N. J.",
	year = "1982",
	title = "Principles of artificial intelligence",
	publisher = "Springer Verlag",
	address = "New York Berlin Heidelberg",
}	
	
@article{pagallo:discovery,
	author = "Pagallo, G. and Haussler, D.",
	year =  "1990",
	title = "Boolean feature discovery in empirical learning",
	journal = "Machine Learning", 
	pages = "71-99",
	note* = "NotOnline",
}	

@article{papacostantis:coevolving,
	author = "Evangelos Papacostantis and Andries P. Engelbrecht and Nelis Franken",
	year =  "2005",
	title = "Coevolving Probabilistic Game Playing Agents Using Particle Swarm
Optimization Algorithms",
	note* = "OnDisk",
}	

@inbook{packard:edge,
	author = "Packard, N.",
	year =  "1988",
	chapter = "Adaptation towards the edge of chaos",
	editor =  "Kelso, J. A. S., Mandell, A. J., and Shlesinger, M. F.",
	title = "Dynamic patterns in complex systems",
	pages =  "293-301",
	publisher = "World Scientific",
	note* = "NotSearched",
}

@inbook{parsopoulos:imprecise,
	crossref = "fotiadis02",
	author = "Parsopoulos, K.E. and Vrahatis, M.N.",
	chapter = "Particle Swarm Optimization for Imprecise Problems", 
	pages = "254-264", 
	note* = "OnDisk"
}


@inbook{parsopoulos:constrained,
	author = "Parsopoulos, K.E. and Vrahatis, M.N.", 
	chapter = "Particle Swarm Optimization Method for Constrained Optimization Problems", 
	editor = "P. Sincak, J. Vascak, V. Kvasnicka, J. Pospichal",
  title = "Intelligent Technologies - Theory and Applications: New Trends in Intelligent Technologies", 
	pages = "214-220", 
	publisher = "IOS Press",
	year  = "2002",
	note* = "OnDisk"
}	

@inbook{parsopoulos:noisy,
	author = "Parsopoulos, K.E. and Vrahatis, M.N.", 
	chapter = "Particle Swarm Optimizer in Noisy and Continuously Changing Environments", 
	editor = "M.H. Hamza", 
	title = "Artificial Intelligence and Soft Computing", 
	pages = "289-294", 
	puplisher = "IASTED/ACTA Press",
	year = "2001",
	note* = "onDisk",
}	
	
@article{pollack:strategy,
	author = "Pollack, J. B. and Blair, A. D. ",
	year = "1998",
	title = "Co-evolution in the successful learning of backgammon strategy",
	journal = "Machine Learning",
	volume = "32",
	number = "1", 
	pages = "225-240",
	file = "pollack_1998.pdf",
	note* = "OnDisk",
}	


@inproceedings{pollack:player,
	author = "Pollack, J. B. and Blair, A. D. and Land, M.",
	month = "May",
	year =  "1996",
	title = "Coevolution of a Backgammon Player",
	booktitle =  "Proceedings of the Fifth International Conference on Artificial Life",
	note* = "OnDisk,Printed,Annotated,Assimilated",
	address = "Nara, Japan"
}

@inproceedings{pollack:why,
    author = "Jordan B. Pollack and Alan D. Blair",
    title = "Why did {TD}-Gammon Work?",
    booktitle = "Advances in Neural Information Processing Systems",
    volume = "9",
    publisher = "The {MIT} Press",
    editor = "Michael C. Mozer and Michael I. Jordan and Thomas Petsche",
    pages = "10",
    year = "1997",
    url = "citeseer.ist.psu.edu/117780.html" 
}	

@inbook{poole:representing,
	chapter = "5. Representing Knowledge",
	crossref = "poole98",
}

@inbook{poole:learning,
	chapter = "7. Learning",
	crossref = "poole98",
	pages = "397 - 441",
}
    
@article{potgieter:optimise,
	author = "G. Potgieter and A.P. Englebrecht",
	title = "STRUCTURAL OPTIMIZATION OF LEARNED POLYNOMIAL EXPRESSIONS USING
	GENETIC ALGORITHMS",
	year = "2002",
	file = "pogieter_2002",
	note* = "[Annotated: functions]"
}	


@article{potter:cooperative,
	author = "Mitchell A. Potter and Kenneth A. De Jong",
	title = "A Cooperative Coevolutionary Approach to Function Optimization",
	pages = "249-257",
	crossref = "cpps94",
	note* = "ondisk"
}

@book{potter97,
	author = "M.A. Potter",
	title = "The Design and Analysis of a Computational Model of Cooperative Coevolution (Ph.D. dissertation)",
	year = 1997,
	publisher = "George Mason University",
	address = "Fairfax, Virginia",
}	
	

@article{pratola:search,
	author = "Matthew Pratola and Thomas Wolf",
	title = "Optimizing {G}o{T}ools' Search Heuristics using Genetic Algorithms",
	year = "2003",
	journal = "arXiv",
}	


@inbook{quinlan:comparing,
	author =  "J. R. Quinlan",
	chapter = "Comparing Connectionist and Symbolic Learning Methods",
	year = "1993",
	editor = "Hanson, Drastal, Rivest",
	title = "Computational Learning Theory and Natural Learning Systems: Constraints and Prospects",
	publisher = "MIT Press",
	note* = "OnDisk",
}

@book{quinlan:c45,
	title = "C4.5: Programs for Machine Learning",
	author = "J.R. Quinlan",
	publisher = "Morgan Kaufmann",
	year = "1993",
}	

@inbook{quinlan:procedures,
	author = "J. R. Quinlan",
	chapter = "Learning efficient classification procedures and their application to chess end games",
	editor = "R. S. Michalski, J. G. Carbonell, and T. M. Mitchell",
	title = "Machine Learning: An Artificial Intelligence Approach",
	pages = "463-482",
	address = "Tioga, Palo Alto",
	year =  "1983",
	note* = "NotOnline - Check ACM, see also \cite{michalski:chess}",
}	

@article{quinlan:trees,
	author = "J. R. Quinlan",
	title = "Induction of decision trees",
	journal = "Machine Learning",
	year = "1986",
	number = "1",
	pages = "81-106",
	note* = "NotSearched",
}

@incollection{quinlan:noise,
  AUTHOR = {J. R. Quinlan},
  TITLE = {The Effect of Noise on Concept Learning},
  YEAR = 1986,
  BOOKTITLE = {Machine Learning: An Artificial Intelligence Approach: Volume II},
  EDITOR = {R. S. Michalski and J. G. Carbonell and T. M. Mitchell},
  PUBLISHER = {Kaufmann},
  ADDRESS = {Los Altos, CA},
  PAGES = {149-166},
  KEYWORDS = {}
}	

@inproceedings{ragavan:knowledge,
	author = "H. Ragavan and L. Rendell ",
	year = "1991",
	title = "Relations, knowledge and empirical learning",
	series = "Machine Learning: Proceedings of the Eighth International Workshop",
	pages = "188-192",
	address = "Evanston, IL",
	publisher = "Morgan Kaufmann",
	note* = "NotOnline",
}

@article{rendell:basis,
	author = "L.A. Rendell",
	title = "A new basis for state-space learning systems and a successful implementation",
	journal = AI,
	volume = 20,
	year = "1983",
	pages = "369-392",
	number = "4",
}	

@inproceedings{rendell:layered,
	author = "Rendell, L.",
	year = "1985",
	title = "Substantial constructive induction using layered information compression: Tractable feature formation in search.",
	series = "Proceedings of the Ninth International Joint Conference onArtificial Intelligence",
	pages = "650-658",
	address = "Los Angeles,CA",
	publisher = "Morgan Kaufmann",
	note* = "NotOnline",
}

@inproceedings{rosin:methods,
	author = "Rosin, C. D. and Belew, R. K.",
	year = "1995",
	title = "Methods for competitive coevolution: finding opponents worth beating.",
	series = "Proceedings of the 6th international conference on Genetic Algorithms", pages = "373-380",
	publisher = "Morgan Kaufman",
	note* = "NotSearched",
}


@incollection{rosenblatt:perceptrons,
year={1986},
isbn={978-3-642-70913-5},
booktitle={Brain Theory},
editor={Palm, GÃ¼nther and Aertsen, Ad},
doi={10.1007/978-3-642-70911-1_20},
title={Frank Rosenblatt: Principles of Neurodynamics: Perceptrons and the Theory of Brain Mechanisms},
url={http://link.springer.com/chapter/10.1007%2F978-3-642-70911-1_20#page-1},
publisher={Springer Berlin Heidelberg},
author={Malsburg, C.},
pages={245-248},
language={English}
}

@incollection{rumelhart:propagation,
 author = {Rumelhart, D. E. and Hinton, G. E. and Williams, R. J.},
 chapter = {Learning Internal Representations by Error Propagation},
 title = {Parallel Distributed Processing: Explorations in the Microstructure of Cognition, Vol. 1},
 editor = {Rumelhart, David E. and McClelland, James L. and PDP Research Group, CORPORATE},
 year = {1986},
 isbn = {0-262-68053-X},
 pages = {318--362},
 numpages = {45},
 url = {http://dl.acm.org/citation.cfm?id=104279.104293},
 acmid = {104293},
 publisher = {MIT Press},
 address = {Cambridge, MA, USA},
 note* = "OnDisk",
} 

@incollection{rumelhart:propagation-1988,
 author = {Rumelhart, D. E. and Hinton, G. E. and Williams, R. J.},
 chapter = {Learning Internal Representations by Error Propagation},
 title = {Neurocomputing: Foundations of Research},
 editor = {Anderson, James A. and Rosenfeld, Edward},
 year = {1988},
 isbn = {0-262-01097-6},
 pages = {673--695},
 numpages = {23},
 url = {http://dl.acm.org/citation.cfm?id=65669.104449},
 acmid = {104449},
 publisher = {MIT Press},
 address = {Cambridge, MA, USA},
} 
@article{samuel:checkers,
	author = "A.L. Samuel",
	title = "Some studies in machine learning using the game of {C}heckers",
	journal = "IBM Journal of Research and Development",
	volume = "3",
	number = "3",
	year = "1959",
	pages = "210-229",
	note* = "[Annotated: functions]"
}


@article{schaeffer:computers,
	author = "J. Schaeffer and H. J. van den Herik",
	title = "Games, computers, and artificial intelligence",
	journal = AI,
	year = "2002",
	number = "134",
	pages = "1-7",
	note* = "[Annotated: functions]"
}

@article{schaeffer:games,
	author = "J. Schaeffer",
	title = "The role of games in understanding computational intelligence",
	journal = IISJ,
	year = "1999",
	month = "November/December",
	pages = "10-11",
	file = "hirch{\_}1999.pdf",
}	

@article{schaeffer:people,
	author = "Jonathan Schaeffer",
	title = "The game computers (and people) play",
	journal = "UNKNOWN",
	year = "2000",
	volume = "50",
	pages = "189-266",
	editor = "Zelkowitz M.V",
	publisher = "Academic Press"
}

@article{schaeffer:solving,
	author = "Jonathan Schaeffer and Robert Lake",
	title = "Solving the game of checkers",
	year = "1996",
	journal = "Games of no chance",
	publisher = "MSRI",
	volume = "29",
	pages = "119-133",
	note* = "[Annotated: functions]"
}

@inproceedings{schaeffer:reexamination,
    author = "J. Schaeffer and P. Lu and D. Szafron and R. Lake",
    title = "A Re-Examination of Brute-Force Search",
    booktitle = "Games: Planning and Learning, Papers from the 1993 Fall Symposium",
    address = "AAAI Press",
    pages = "51-58",
    year = "1993",
	note* = "[Annotated: functions]",
    url = "citeseer.nj.nec.com/schaeffer93reexamination.html" }


@article{schraudolph:temporal,
	author = "N. N. Schraudolph and P. Dayan and T. J. Sejnowski",
	year = "1994",
	title = "Temporal difference learning of position evaluation in the game of {G}o",
	editor = "J. D. Cowan, G. Tesauro, and J. Alspector",
	journal = "Advances in Neural Information Processing",
	number = "6", 
	pages = "817-824",
	address = "San Francisco",
	publisher = "Morgan Kaufmann",
	note* = "OnDisk"
}	

@inproceedings{sims:evolving,
	author = "Sims, K.",
	year =  "1994",
	title =  "Evolving 3d morphology and behavior by competition",
	series =  "In Proceedings 4th Artificial Life Conference",
	publisher = "MIT Press",
	note* = "NotSearched",
}	

@article{shannon:theory,
	author = "C.E. Shannon",
	title = "A mathematical theory of communication",
	journal = "The Bell System Technical Journal", 
	number = "27", 
	pages = "623Ö¶56", 
	year = "1948",
}

@book{shapiro:structured,
	author = "Alen D. Shapiro",
	title = "Structured Induction in Expert Systems",
	publisher = "Turing Institute Press. Addison-Wesley",
	year = "1987",
	note* = "NotOnline",
}

@article{shavlik:comparision,
	author = "Shavlik, J. W. and  Mooney, R. J. and Towell, G. G.",
	year = "1991",
	title = "Symbolic and Neural Learning Algorithms: An Experimental Comparison",
	journal = "Machine Learning",
	volume = "6",
	number = "2",
	pages = "111-143",
	note* = "shavlik-1991-comparison",
}

	 
@article{sheppard:scrabble,
	author = "B. Sheppard",
	title = "Mastering Scrabble",
	journal = IISJ,
	year = "1999",
	month = "November/December",
	pages = "15-16",
	file = "hirch{\_}1999.pdf",
}	

@inproceedings{shi:empirical,
	title = "Empirical study of particle swarm optimization",
	author = "Y. Shi and R.C. Eberhart",
	pages = "1949-1950",
	crossref = "icec99",
	volume = "3",
	note* = "Ondisk",
}	
	

@inproceedings{shi:modified,
	title = "A modified particle swarm optimizer",
	author = "Y. Shi and R.C. Eberhart",
	crossref = "icec98",
	volume = "3",
}	
	

@inproceedings{shioya:pruning,
	title = "Knowledge pruning in decision trees",
	author = "I. Shioya and T. Miura",
	crossref  = "istai00",
	pages = "40-43",
	note* = "OnDisk"
}	


@article{shoham:randomized,
	author = "Y. Shoham and S. Toledo",
	title = "Parallel Randomized Best-First Minimax Search",
	journal = AI,
	year = "2002",
	number = "137",
	pages = "156-196"
}	

@inproceedings{sklar:learning,
  author =	 "E. Sklar and A. D. Blair and J. B. Pollack",
  title =	 "Co-evolutionary learning: machines and humans
                  schooling together",
  series =	 "Proceedings of Workshop on Current Trends and
                  Applications of Artificial Intelligence in
                  Education: Fourth World Congress on Expert Systems",
  pages =	 "98--105",
  year =	 "1998",
  editor =	 "G. Ayala",
  note* = "OnDisk",
  }	
@book{sonas:strongest,
	author = "J. Sonas ",
	title = "Have chess computers surpassed the strongest grandmasters?",
	publisher = www,
	year = "2003",
	address* = "www.chessbase.com newsid=1229",
	note* = "[Accessed: 23 Jan 2004]"
}

@inbook{statsoft:textbook,
	author = "StatSoft Inc",
	year = "2004", 
	title = "Electronic Statistics Textbook",
	chapter = "Classification and regression trees",
	url ="http://www.statsoftinc.com/textbook/stcart.html",
	note* = "OnDisk (statsoft2004.mht)",
}	

@techreport{stracuzzi:compilation,
	author = "D.J. Stracuzzi and P.E. Utgoff",
	year = "2000",
	title = "Feature compilation",
	number = "TR-00-18",
	address =  "Amherst, MA",
	publisher = "University of Massachusetts, Computer Science Department",
	note* = "OnDisk",
}

@book{stenmark:masters,
	author = "Martin Stenmark",
	series = "Synthesizing Board Evaluation Functions for Connect4
using Machine Learning Techniques (Masters Thesis)",
	year = "2005",
	publisher = "{\O}stfold University College",
	address = "Norway",
	volume = "",
}

	
@article{sutton:temporal,
	author = "R.S. Sutton",
	year = "1988",
	title = "Learning to predict by the methods of temporal differences",
	journal = "Machine Learning",
	volume = "3", 
	pages = "9-44",
	file = "sutton_1998.pdf",
	note* = "OnDisk,Printed,Annotated",
}	

@book{sutton:learning,
	author = "R.S. Sutton and A. Barto",
	year = "1998",
	title = "Reinforcement Learning: An Introduction",
	address = "Cambridge, MA",
	publisher = "MIT Press",
	file = "sutton_1998.pdf",
	note* = "OnDisk, Printed ",
}	

@inproceedings{suganthan:particle,
	author = "P.N. Suganthan",
	title = "Particle Swarm Optimizer with neighbourhood operator",
	pages = "1958-1961",
	crossref = "icec99"
}
   
@article{tesauro:learning,
	author = "G. Tesauro",
	title = "Temporal Difference Learning and {TD-G}ammon",
	journal = "Communications of the ACM",
	volume = "38",
	number = "3",
	year = "1995",
	pages = "58-68",
	file = "tesauro_1995.mht",
	note* = "OnDisk",
}

@article{tesauro:practical,
	author = "G. Tesauro",
	title = "Practical issues in temporal difference learning.",
	journal = "Machine Learning",
	volume = "8",
	year = "1992",
	pages = "257-277",
	file = "tesauro_1992.pdf",
	note* = "OnDisk",
}

@article{tesauro:training,
	author = "Tesauro, G.",
	year = "1989",
	title  = "Connectionist learning of expert preferences by comparison training", 
	editor = "D. Touretzky",  
	journal = "Advances in Neural Information Processing Systems",
	volume = "1",
	number = "NIPS-88",
	pages = "99-106",
	publisher = "Morgan Kaufmann",
	note* = "NotOnline",
}	

@inbook{tesauro:comparison,
	author = "G. Tesauro",
	title = "Machines that Learn to Play Games",
	chapter = "6: Comparison training of chess evaluation functions",
	pages = "117-130",
	publisher = "Nova Science Publishers",
	year = "2001",
	editor = "J. F{"u}rnkranz and M. Kubat",
	note* = "NotOnline",
}


@article{tesauro:network,
	author = "Tesauro, G. and Sejnowski, T.J.",
	year = "1989",
	title = "A parallel network that learns to play backgammon",
	journal = "Artificial Intelligence",
	volume = "39", 
	pages = "357-390",
	note* = "NotOnline",
}
	
@article{tunstall-pedoe:genetic,
	author = "W. Tunstall-Pedoe",
	year = "1991",
	title = "Genetic algorithms optimizing evaluation functions",
	journal = ICCAJ,
	volume = "14",
	number = "3", 
	pages = "119-128",
	note* = "NotOnline",
}

@article{thill:connect-4,
  title={Reinforcement Learning with N-tuples on the Game Connect-4},
  author={Thill, Markus and Koch, Patrick and Konen, Wolfgang},
  journal={Parallel Problem Solving from Nature-PPSN XII},
  pages={184--194},
  year={2012},
  publisher={Springer},
	file*="thill-connect4-1009.pdf"
}

@book{underhill:stat,
	author = "L. Underhill and D. Bradfield",
	title = "Introstat, Second Edition",
	year = 2001,
	publisher = "Juta \& Co., Ltd",
}	
  
@incollection{utgoff:feature,
    abstract = {To build an evaluation function for game-playing, one needs to construct
nformative features that enable accurate relative assessment of a game state. This
chapter describes the feature construction problem, and suggests directions for dealing
with shortcomings in the present state of the art.},
    address = {Huntington, NY},
    author = {Utgoff, Paul E.},
    booktitle = {Machines that Learn to Play Games},
    citeulike-article-id = {2773737},
    citeulike-linkout-0 = {http://citeseerx.ist.psu.edu/viewdoc/summary?doi=10.1.1.57.9982},
    editor = {F\"urnkranz, J. and Kubat, M.},
    keywords = {feature-selection},
    pages = {131--152},
    posted-at = {2008-05-08 23:51:35},
    priority = {2},
    publisher = {Nova Science Publishers},
    title = {Feature Construction for Game Playing},
    url = {http://citeseerx.ist.psu.edu/viewdoc/summary?doi=10.1.1.57.9982},
    year = {2001},
		note* = "utgoff-2001-game.pdf"
}

@inbook{utgoff:approximation,
	author = "P.E. Utgoff and D. Precup",
	title = "Feature Extraction, Construction and Selection: A Data Mining Perspective",
	chapter = "Constructive function approximation",
	pages = "219-235",
	publisher = "Kluwer Academic Publishers",
	year = "1998",
	file = "utgoff_1998.pdf",
	editor = "H. Motoda and H. Liu",
	note* = "Ondisk, Printed, Annotated"
}


@inproceedings{utgoff:kinds,
	title = "Two Kinds of Training Information for Evaluation Function Learning",
	author = "P. E. Utgoff and J. A. Clouse",
	booktitle = "Proceedings of the Ninth International Conference on Artificial Intelligence",
	month = "July",
	year = "1991",
	pages = "596-600",
	file = "utgoff_1991.pdf",
	note* = "OnDisk, Printed, Annotated"
}

@inproceedings{utgoff:trees,
  added-at = {2012-12-12T00:00:00.000+0100},
  author = {Utgoff, Paul E.},
  biburl = {http://www.bibsonomy.org/bibtex/2cb6b82b00603371c464971061db2e8df/dblp},
  booktitle = {AAAI},
  crossref = {conf/aaai/1988},
  editor = {Shrobe, Howard E. and Mitchell, Tom M. and Smith, Reid G.},
  ee = {http://www.aaai.org/Library/AAAI/1988/aaai88-107.php},
  interhash = {fbf21eff94f4badad6e5bff763b06899},
  intrahash = {cb6b82b00603371c464971061db2e8df},
  isbn = {0-262-51055-3},
  keywords = {dblp},
  pages = {601-606},
  publisher = {AAAI Press / The MIT Press},
  timestamp = {2012-12-12T00:00:00.000+0100},
  title = {Perceptron Trees: A Case Study In Hybrid Concept Representations.},
  url = {http://dblp.uni-trier.de/db/conf/aaai/aaai88.html#Utgoff88},
  year = 1988,
	note* = "OnDisk"
}


@inproceedings{utgoff:unification,
	author = "P.E. Utgoff and D.J. Stracuzzi",
	year =  "1999",
	title = "Approximation via value unification",
	booktitle = "Proceedings of the Sixteenth International Conference on Machine Learning", 
	pages = "425-432",
	address = "Ljubljana",
	publisher = "Morgan Kaufmann",
	note* = "OnDisk",
}	

@techreport{utgoff:own,
	author = "P.E. Utgoff",
	year = "1996",
	title = "{ELF}: An evaluation function learner that constructs its own features", 
	number = "96-65", 
	address = "Amherst, MA",
	publisher = "University of Massachusetts, Department of Computer Science ",
	note* = "OnDisk",
}	

@misc{utgoff:many,
  author = "P. E. Utgoff and David J. Stracuzzi",
  title = "Many-Layered Learning",
  url = "citeseer.ist.psu.edu/478091.html",
  }

@article{vandenbergh:cooperative,
	author = "F. van den Bergh and A.P. Engelbrecht",
	title = "A Cooperative Approach to Particle Swarm Optimisation",
	journal = "IEEE Transactions of Evolutionary Computation",
	volume = "8",
	number = "3",
	month = "June",
	year = "2004",
	note* = "OnDisk, annotated",
}

@article{vandenbergh:neural,
	author = "F. van den Bergh and A.P. Engelbrecht",
	title = "Cooperative learning in neural networks using particle swarm optimizers",
	journal = SACJ,
	year = "2000",
	volume = "26",
	month = "November",
	pages = "84-90",
	note* = "OnDisk",
}
	
@book{vandenbergh01,
	author = "F. van den Bergh",
	title = "An Analysis of Particle Swarm Optimizers (PhD Thesis)",
	year = "2001",
	publisher = "University of Pretoria",
	note* = "OnDisk",
}
	

@article{vandenherik:games,
	author = "H. J. van den Herik and Jos W.H.M. Uiterwijk and Jack van Rijswijk",
	title = "Games solved: Now and in the future",
	journal =  AI,
	number = "143",
	year = "2002",
	pages = "277-311",
}
	
@article{verhoef:overtaking,
	author = "T. F. Verhoef and J. H. Wesselius",
	title = {Two-ply KRKN: Safely overtaking Quinlan},
	journal = ICCAJ,
	volume = "10",
	number = "4",
	pages = "181-190",
	year = "1987",
	note* = "NotOnline",
}

@misc{wagacha:trees,
	author = "P.W. Wagacha",
	title = "Induction of Decision Trees (Lecture notes)",
	year = "2003",
	publisher	= "Institute of Computer Science, University of Nairobi",
}
	

@inproceedings{walsh:search,
    author = "Toby Walsh",
    title = "Search in a Small World",
    pages = "1172-1177",
    booktitle = "International joint Conference on Artificial Intelligence",
    year = "1999",
    address = "Stockholm, Sweden",
    note* = "OnDisk",
}
    
@article{watts:small,
	author = "D.J. Watts and S.H. Strogatz",
	year = "1998",
	title = "Collective dynamics of `small world' networks",
	journal = "Nature",
	number = "393",
	pages = "440-442",
	note* = "OnDisk"
}	

@inproceedings{widmer:dynamic,
	author = "G. Widmer and M. Kubat",
	title = "Effective learning in dynamic environments by explit context tracking",
	pages = "227-243",
	crossref = "ecml93",
}	

@article{widmer:drift,
	author = "G. Widmer and M. Kubat",
	title = "Learning in the presence of concept drift and hidden contexts",
	journal = ML,
	volume = 23,
	year = 1996,
	pages = "69-101",
}	

@article{widrow:critic,
	author = "B. Widrow and N. Gupta and  S. Maitra",
	year =  "1973",
	title = "Punish/reward: Learning with a critic in adaptive threshold systems",
	journal = ITSMC,
	volume = "SMC-3",
	pages = "455-465",
	note* = "NotSearched",
}

@inproceedings{widrow:circuits,
	author = "Widrow, B. and Hoff, M.E.",
	year = "1960",
	booktitle = "WESCON Convention Record Part IV",
	title = "Adaptive switching circuits",
	pages = "96-104",
	note* = "NotSearched",
}

@book{widrow:signal,
	author = "Widrow, B. and Stearns, S.D.",
	title = "Adaptive signal processing",
	address = "Englewood Cliffs, NJ",
	publisher = "Prentice Hall",
	year = "1985",
}
	
@inproceedings{wiegand:coevolutionary,
    author = "R. P. Wiegand and W. C. Liles and K. A. De Jong",
    title = "An Empirical Analysis of Collaboration Methods in Cooperative Coevolutionary Algorithms",
    booktitle = "Proceedings of the Genetic and Evolutionary Computation Conference ({GECCO}-2001)",
    month = "7-11",
    publisher = "Morgan Kaufmann",
    address = "San Francisco, California, USA",
    editor = "Lee Spector and Erik D. Goodman and Annie Wu and W. B. Langdon and Hans-Michael Voigt and Mitsuo Gen and Sandip Sen and Marco Dorigo and Shahram Pezeshk and Max H. Garzon and Edmund Burke",
    isbn = "1-55860-774-9",
    pages = "1235--1242",
    year = "2001",
    url = "citeseer.ist.psu.edu/481900.html" }		
@article{wynne-jones:splitting,
	author = "M. Wynne-Jones",
	title = "Node splitting: A constructive algorithm for feed forward	neural networks",
	journal = NCA,
	volume = "1",
	number = "1",
	pages = "17-22", 
	year = "1993",
}	

@inproceedings{zelikovitz:mining,
	author = "Sarah Zelikovitz", 
	title = "Mining for Features to Improve Classification",
	crossref = "mlmta03",
}  

%  Here follows the items that are crossreffed
@proceedings{aaai91,
 editor    = "Dean, Thomas L. and McKeown, Kathleen",
 booktitle     = "Proceedings of the 9th National Conference on Artificial Intelligence",
 year      = "1991",
 publisher = "MIT Press",
}

@proceedings{acsel02,
	booktitle = "Proceedings of the 40th Asia-Pacific Conference on Simulated Evolution and Learning",
	year = "2002",
	address = "Singapore",
}

@book{clearwater92,
  title = "Computation: The Micro and Macro View",
  publisher = "World Scientific",
  address = "Singapore",
  year = "1992",
}

@proceedings{cpps94,
	booktitle = "Proceedings of the Third Conference on Parallel Problem Solving from Nature",
	year = "1994",
	publisher = "Springer-Verlag",
}	
	
@proceedings{ecao90,
 booktitle     = "ECAO",
 year      = "1990",
 month    =  "August",
 address = "Stockholm",
}

@proceedings{esc86,
	booktitle = "Proceedings of the conference on expert systems",
	year = "1986",
	publisher = "Cambridge University Press",
	editor = "M. Bramer",
}	

@proceedings{ewsl91,
	booktitle = "Proceedings of the EWSL",
	year = "1991",
	address = "Porto, Portugal",
	month = "March",
	publisher = "Springer-Verlag",
}

@proceedings{ecml93,
	booktitle = "Proceedings of the European conference on Machine Learning",
	year = "1993",
	editor = "P. Brazdil",
	month = "April",
	address = "Vienna",
}

@proceedings{cep98,
	year = "1998",
	booktitle = "Annual Conference on Evolutionary Programming", 
	address = "San Diego",
}	

@proceedings{istai00,
	booktitle = "Proceedings of the 12th IEEE International Conference on Tools with Artificial Intelligence",
	year = "2000",
}	

@proceedings{icec98,
	booktitle = IEEECEC,
	year = "1998",
	month = "May",
	address = "Anchorage, AK"
}	

@proceedings{icec99,
	booktitle = IEEECEC,
	year = "1999",
	month = "July",
	address = "Washington DC, USA",
	organization = "IEEE",
}	

@proceedings{icec02,
	booktitle = IEEECEC,
	year = "2002",
	month = "May",
	addres = "Honolulu",
}	


@proceedings{icec03,
	booktitle = IEEECEC,
	year = "2003",
	address = "Canberra, Australia",
}	

@proceedings{ieee04,
	booktitle = "Proceedings of the IEEE",
	year = "2004",
}	

@proceedings{iicnn95,
	booktitle = "Proceedings of the IEEE International Conference on Neural Networks",
	year = "1995",
	volume = "4",
	month = "Nov/Dec",
	address = "Perth, Australia",
}	

@proceedings{iicnn93,
	booktitle = "Proceedings of the IEEE International Conference on Neural Networks",
	year = "1993",
  address = "San Francisco",
}	


@proceedings{mlmta03,
	booktitle = "Proceedings of Machine Learning, Models, Technologies and Applications",
	year = "2003",
}
	

@book{allis94,
	author = "L. V. Allis",
	series = "Searching for solutions in Games and Artificial Intelligence (PhD. Thesis)",
	year = "1994",
	publisher = "Rijks University",
	address = "Maastricht",
	volume = "",
}

@book{allis:masters,
	author = "Victor Allis",
	series = "A Knowledge-based Approach of Connect-Four (Masters Thesis)",
	year = "1988",
	publisher = "Vrije Universiteit",
	address = "Amsterdam, The Netherlands",
	volume = "",
}
@book{allis91,
	series = "Heuristic Programming in Artificial Intelligence: The Second Computer Olympiad",
	editors = "D. N. L. Levy and D. F. Beal", 
	publisher = "Ellis Horwood", 
	address = "Chichester, England", 
	year = "1991",
}

@book{bratko90,
	author = "I. Bratko",
	title = "Prolog Programming for Artificial Intelligence Second Edition",
	publisher = "Addison-Wesley",
	year = "1990",
}	

@book{eberhart01,
	year = "2001",
	title = "Swarm Intelligence",
	publisher = "Morgan Kaufmann",
	author = "R.C. Eberhart and J. Kennedy",
}

@book{jackson99,
	author = "Peter Jackson",
	publisher = "Addison-Wesley",
	title = "Introduction to Expert Systems Third Edition",
	year = "1999",
	address = "Essex, Harlow",
}

@book{fotiadis02,
	editor = "D. Fotiadis and C. Massalas", 
	title = "Scattering and Biomedical Engineering, Modeling and Applications", 
	publisher = "World Scientific", 
	year = "2002",
}	

@book{furnkranz01,
	year = "2001",
	title = "Machines that Learn to Play Games (Ed. J. F{\"u}rnkranz and M. Kubat)",
	address = "Huntington, NY",
	publisher = "Nova Science Publishers",
	note* = "NotOnline",
}	

@book{rich83,
	author = "E. Rich",
	title = "Artificial Intelligence",
	year = "1983",
	publisher = "McGraw-hill",
}

@book{poole98,
	author = "David Poole and Alan Mackworth and Randy Goebel",
	title = "Computational intelligence: a logical approach",
	publisher = "Oxford University Press",
	year = "1998",
	address =	"New York, Oxford",
}
	
@book{hamilton88,
	author = "A.G. Hammilton",
	title = "Logic for Mathematicians",
	publisher = "Cambridge University Press",
	year = "1988",
}	
